@online{vaud2050,
    author    = "{Canton de Vaud}",
    title     = "Communiqué du conseil d'État du 3 juin 2020",
    url       = "https://www.vd.ch/toutes-les-actualites/communiques-de-presse/detail/communique/le-canton-mise-sur-un-developpement-ambitieux-du-rail-pour-repondre-aux-defis-climatiques-et-de-mob.pdf",
    year      = 2020,
    month     = 06,
    day      = 3,
    urldate = {2020-12-06},
    keywords  = "Vaud, vision, 2050"
}

@online{confvaud2050,
    author    = "{Canton de Vaud}",
    title     = "Vision 2050: pour permettre au Vaudois d'avoir une mobilité durable",
    url       = "https://www.vd.ch/fileadmin/user_upload/accueil/fichiers_pdf/2020_juin_actus/Vision2050_-__d\%C3\%A9veloppement_de_l\%E2\%80\%99offre_ferroviaire_-_Dossier_de_presse_03_06_2020.pdf",
    year      = 2020,
    month     = 06,
    day      = 3,
    urldate = {2020-12-06},
    keywords  = "Vaud, vision, 2050"
}

@article{24hmobilite,
 author  = {Renaud, Bournoud},
 date    = {2020-06-04},
 title   = {Le Canton veut prendre en main son avenir ferroviaire},
 journal = {24 heures},
 url     = {https://www.24heures.ch/le-canton-veut-prendre-en-main-son-avenir-ferroviaire-485060104005},
 urldate = {2020-12-06}
}

@article{tempsvision2050,
 author  = {Aïna, Skjellaug},
 date    = {2020-06-04},
 title   = {Vaud dévoile sa vision 2050 pour le rail},
 journal = {Le Temps},
 url     = {https://www.letemps.ch/suisse/canton-vaud-veut-developper-massivement-rail},
 urldate = {2020-12-06}
}